%% This BibTeX bibliography file was created using BibDesk.
%% http://bibdesk.sourceforge.net/


%% Created for Roilhi Ibarra at 2014-07-31 17:33:33 -0700 


%% Saved with string encoding Unicode (UTF-8) 



@article{ewing1989,
	Author = {Ewing, Gary John and others},
	Date-Added = {2014-08-01 00:31:50 +0000},
	Date-Modified = {2014-08-01 00:31:50 +0000},
	Title = {A new approach to the analysis of the third heart sound},
	Year = {1989}}

@article{abbas2009phonocardiography,
	Author = {Abbas, Abbas K and Bassam, Rasha},
	Date-Added = {2014-07-29 21:27:17 +0000},
	Date-Modified = {2014-07-29 21:27:17 +0000},
	Journal = {Synthesis Lectures on Biomedical Engineering},
	Number = {1},
	Pages = {1--194},
	Publisher = {Morgan \&amp; Claypool Publishers},
	Title = {Phonocardiography signal processing},
	Volume = {4},
	Year = {2009}}

@article{Durand1995,
	Author = {Louis-Gilles Durand and Philippe Pibarot},
	Issn = {0278-940X},
	Journal = {Critical Reviews{\texttrademark} in Biomedical Engineering},
	Number = {3-4},
	Pages = {163--219},
	Title = {Digital Signal Processing of the Phonocardiogram: Review of the Most Recent Advancements},
	Volume = {23},
	Year = {1995}}

@article{vanWees88a,
	Author = {van Wees, B. J. and van Houten, H. and Beenakker, C. W. J. and Williamson, J. G. and Kouwenhoven, L. P. and van der Marel, D. and Foxon, C. T.},
	Journal = {Phys. Rev. Lett.},
	Number = 9,
	Pages = {848-850},
	Title = {{Quantized Conductance of Point Contacts in a Two-Dimensional Electron Gas}},
	Volume = 60,
	Year = 1988}

@article{Rayleigh71a,
	Author = {Rayleigh, J. W. S.},
	Journal = {Philos. Mag.},
	Pages = {447-450},
	Title = {On the Scattering of Light by Small Particles},
	Volume = 41,
	Year = 1871}

@book{Bohren83b,
	Address = {New York},
	Author = {Bohren, C. F. and Huffman, D. R.},
	Edition = {Primera},
	Note = {530 pp.},
	Publisher = {Wiley and Sons, Inc.},
	Title = {Absorption and Scattering of Light by Small Particles},
	Year = 1983}

@book{vandeHulst81b,
	Address = {New York},
	Author = {van de Hulst, H. C.},
	Edition = {Primera},
	Note = {470 pp.},
	Publisher = {Dover},
	Title = {Light Scattering by Small Particles},
	Year = 1981}

@article{Mie08a,
	Author = {Mie, G.},
	Journal = {Ann. Phys.},
	Number = 3,
	Pages = {377-445},
	Title = {Contributions to the Optics of Turbid Media, Particularly of Colloidal Metal Solutions},
	Volume = 25,
	Year = 1908}

@article{Sheng86a,
	Author = {Sheng, P. and Zhang, Z. Q.},
	Journal = {Phys. Rev. Lett.},
	Pages = {1897-1899},
	Title = {Scalar-Wave Localization in a Two-Component Composite},
	Volume = 57,
	Year = 1986}

@article{Beenakker89a,
	Author = {Beenakker, C. W. J. and van Houten, H. and van Wees, B. J.},
	Journal = {Superlattices and Microstructures},
	Number = 1,
	Pages = {127-132},
	Title = {Skipping Orbits, Traversing Trajectories, and Quantum Ballistic Transport in Microstructures},
	Volume = 5,
	Year = 1989}

@book{vanHouten88b,
	Address = {Berlin},
	Author = {van Houten, H. and van Wees, B. J. and Beenakker, C. W. J.},
	Note = {198-207},
	Publisher = {Springer-Verlag},
	Title = {Quantum and Classical Ballistic Transport in Constricted Two-Dimensional Electron Gas},
	Volume = 83,
	Year = 1988}

@book{Imry86b,
	Address = {Singapore},
	Author = {Grinstein, G. and Mazenko, G.},
	Edition = {Primera},
	Note = {252 pp.},
	Publisher = {World Scientific},
	Title = {Directions in Condensed Matter Physics},
	Volume = 1,
	Year = 1986}

@article{Wharam88a,
	Author = {Wharam, D. A. and Thornton, T. J. and Newbury, R. and Pepper, M. and Ahmed, H. and Frost, J. E. F. and Hasko, D. G. and Peacock, D. C. and Ritchie, D. A. and Jones, G. A. C.},
	Journal = {J. Phys. C: Solid State Phys.},
	Number = 8,
	Pages = {L209-L214},
	Title = {One-Dimensional Transport and the Quantisation of the Ballistic Resistance},
	Volume = 21,
	Year = 1988}

@article{Yacoby90a,
	Author = {Yacoby, A. e Imry, Y.},
	Journal = {Phys. Rev. B},
	Number = 8,
	Pages = {5341-5350},
	Title = {{Quantization of the conductance of ballistic point contacts beyond the adiabatic approximation}},
	Volume = 41,
	Year = 1990}
